@book{ESL,
  title={The Elements of Statistical Learning},
  author={Friedman, Jerome and Hastie, Trevor and Tibshirani, Robert},
  year={2009},
  publisher={Springer series in statistics New York}
}

@article{stirling1984iteratively,
  title={Iteratively reweighted least squares for models with a linear part},
  author={Stirling, W Douglas},
  journal={Journal of the Royal Statistical Society: Series C (Applied Statistics)},
  volume={33},
  number={1},
  pages={7--17},
  year={1984},
  publisher={Wiley Online Library}
}

@article{long1997,
  title={Regression models for categorical and limited dependent variables},
  author={Long, J Scott},
  journal={Advanced quantitative techniques in the social sciences},
  volume={7},
  year={1997},
  publisher={Sage Publications}
}

@book{hilbe2011negative,
  title={Negative binomial regression},
  author={Hilbe, Joseph M},
  year={2011},
  publisher={Cambridge University Press}
}

@article{nelder1972generalized,
  title={Generalized linear models},
  author={Nelder, John Ashworth and Wedderburn, Robert WM},
  journal={Journal of the Royal Statistical Society: Series A (General)},
  volume={135},
  number={3},
  pages={370--384},
  year={1972},
  publisher={Wiley Online Library}
}

@article{jorgensen2006iteratively,
  title={Iteratively reweighted least squares},
  author={Jorgensen, Murray},
  journal={Encyclopedia of Environmetrics},
  volume={3},
  year={2006},
  publisher={Wiley Online Library}
}


